<?xml version="1.0" encoding="UTF-8"?><collection xmlns="http://www.loc.gov/MARC21/slim"><record><leader>00549nam--2200181-u-4500</leader><controlfield tag="001">000055826</controlfield><controlfield tag="002">20161230</controlfield><controlfield tag="005">20161230201052</controlfield><controlfield tag="008">130807s1000------------r-----000-0-eng-d</controlfield><datafield ind1=" " ind2=" " tag="040"><subfield code="a">IFIN-HH</subfield></datafield><datafield ind1=" " ind2=" " tag="080"><subfield code="a">519.68:517.5</subfield></datafield><datafield ind1="1" ind2=" " tag="100"><subfield code="a">Fiacco, Anthony V</subfield></datafield><datafield ind1="1" ind2="0" tag="245"><subfield code="a">Nonlinear programming: sequential unconstrained minimization techniques</subfield><subfield code="c">Anthony v. fiacco, garth p. mccormick</subfield></datafield><datafield ind1=" " ind2=" " tag="260"><subfield code="a">New York</subfield><subfield code="b">John Wiley And Sons, Inc</subfield><subfield code="c">1968</subfield></datafield><datafield ind1=" " ind2=" " tag="300"><subfield code="a">XIV+210P</subfield></datafield><datafield ind1="1" ind2=" " tag="700"><subfield code="a">Mccormick, Garth P</subfield></datafield><datafield ind1=" " ind2=" " tag="852"><subfield code="a">42813</subfield><subfield code="c">519.283</subfield></datafield><datafield ind1=" " ind2=" " tag="CAT"><subfield code="a">Sys</subfield><subfield code="c">20130807</subfield><subfield code="h">180901</subfield></datafield></record></collection>